@InProceedings{maas-EtAl:2011:ACL-HLT2011,
  author    = {Maas, Andrew L.  and  Daly, Raymond E.  and  Pham, Peter T.  and  Huang, Dan  and  Ng, Andrew Y.  and  Potts, Christopher},
  title     = {Learning Word Vectors for Sentiment Analysis},
  booktitle = {Proceedings of the 49th Annual Meeting of the Association for Computational Linguistics: Human Language Technologies},
  month     = {June},
  year      = {2011},
  address   = {Portland, Oregon, USA},
  publisher = {Association for Computational Linguistics},
  pages     = {142--150},
  url       = {http://www.aclweb.org/anthology/P11-1015}
}

@misc{devlin2019bert,
  title={BERT: Pre-training of Deep Bidirectional Transformers for Language Understanding}, 
  author={Jacob Devlin and Ming-Wei Chang and Kenton Lee and Kristina Toutanova},
  year={2019},
  eprint={1810.04805},
  archivePrefix={arXiv},
  primaryClass={cs.CL}
}

@misc{mc90,
  author = "John McCarthy",
  title = "Formalization of common sense, papers by {J}ohn{M}c{C}arthy edited by {V}. {L}ifschitz",
  publisher = "Ablex",
  year = "1990",
}


@misc{dalle,
  author = "Open AI",
  title = "DALLÂ·E: Creating images from text",
  publisher = "OpenAI research",
  url = {https://openai.com/research/dall-e},
  year= "2021",
}